<?xml version="1.0" encoding="UTF-8"?><collection xmlns="http://www.loc.gov/MARC21/slim"><record><leader>00433nam--2200121-i-4500</leader><controlfield tag="001">000036310</controlfield><controlfield tag="002">20161230</controlfield><controlfield tag="005">20161230201040</controlfield><controlfield tag="008">060222s1000------------r-----000-0-eng-d</controlfield><datafield ind1=" " ind2=" " tag="100"><subfield code="a">Newman, James R</subfield></datafield><datafield ind1=" " ind2=" " tag="245"><subfield code="a">The world of mathematics. a small library of the literature of mathematics from a`h-mose the scribe to a.einstein, presented with commentaries and notes by newman</subfield></datafield><datafield ind1=" " ind2=" " tag="260"><subfield code="a">New York, Simon And Schuster, 1956</subfield></datafield><datafield ind1=" " ind2=" " tag="852"><subfield code="a">12134</subfield></datafield></record></collection>